@article{lewis2014microservices,
  title   = {Microservices: a definition of this new architectural term},
  author  = {Lewis, James and Fowler, Martin},
  journal = {MartinFowler. com},
  volume  = {25},
  number  = {14-26},
  pages   = {12},
  year    = {2014}
}

@online{msnetflix,
  author       = {Netflix Technology Blog},
  year         = {2016},
  title        = {Netflix Conductor: A microservices orchestrator},
  url          = {https://netflixtechblog.com/netflix-conductor-a-microservices-orchestrator-2e8d4771bf40},
  month        = {dec},
  lastaccessed = {may 15, 2023}
}

@online{msgoogle,
  author       = {Google Cloud Storage},
  year         = {2021},
  title        = {Google Cloud \& Microservices: How to Use Google Cloud Storage with Microservices},
  url          = {https://bluexp.netapp.com/blog/gcp-cvo-blg-google-cloud-microservices-how-to-guide},
  month        = {july},
  lastaccessed = {may 15, 2023}
}

@misc{vaquero2008break,
  title     = {A break in the clouds: towards a cloud definition},
  author    = {Vaquero, Luis M and Rodero-Merino, Luis and Caceres, Juan and Lindner, Maik},
  journal   = {ACM sigcomm computer communication review},
  volume    = {39},
  number    = {1},
  pages     = {50--55},
  year      = {2008},
  publisher = {ACM New York, NY, USA}
}

@inproceedings{sriraman2018mutune,
  title     = {$\mu$tune: Auto-tuned threading for $\{$OLDI$\}$ microservices},
  author    = {Sriraman, Akshitha and Wenisch, Thomas F},
  booktitle = {13th $\{$USENIX$\}$ Symposium on Operating Systems Design and Implementation ($\{$OSDI$\}$ 18)},
  pages     = {177--194},
  year      = {2018}
}

@inproceedings{sabt2015trusted,
  title        = {Trusted execution environment: what it is, and what it is not},
  author       = {Sabt, Mohamed and Achemlal, Mohammed and Bouabdallah, Abdelmadjid},
  booktitle    = {2015 IEEE Trustcom/BigDataSE/Ispa},
  volume       = {1},
  pages        = {57--64},
  year         = {2015},
  organization = {IEEE}
}

@article{costan2016intel,
  title   = {Intel SGX explained},
  author  = {Costan, Victor and Devadas, Srinivas},
  journal = {Cryptology ePrint Archive},
  year    = {2016}
}

@inproceedings{lee2020keystone,
  title     = {Keystone: An open framework for architecting trusted execution environments},
  author    = {Lee, Dayeol and Kohlbrenner, David and Shinde, Shweta and Asanovi{\'c}, Krste and Song, Dawn},
  booktitle = {Proceedings of the Fifteenth European Conference on Computer Systems},
  pages     = {1--16},
  year      = {2020}
}

@inproceedings{tsai2017graphene,
  title     = {Graphene-SGX: A Practical Library OS for Unmodified Applications on SGX.},
  author    = {Tsai, Chia-Che and Porter, Donald E and Vij, Mona},
  booktitle = {USENIX Annual Technical Conference},
  pages     = {645--658},
  year      = {2017}
}

@inproceedings{wang2019towards,
  title     = {Towards memory safe enclave programming with rust-sgx},
  author    = {Wang, Huibo and Wang, Pei and Ding, Yu and Sun, Mingshen and Jing, Yiming and Duan, Ran and Li, Long and Zhang, Yulong and Wei, Tao and Lin, Zhiqiang},
  booktitle = {Proceedings of the 2019 ACM SIGSAC Conference on Computer and Communications Security},
  pages     = {2333--2350},
  year      = {2019}
}

@inproceedings{ghosn2019secured,
  title     = {Secured routines: Language-based construction of trusted execution environments},
  author    = {Ghosn, Adrien and Larus, James R and Bugnion, Edouard},
  booktitle = {2019 USENIX Annual Technical Conference (USENIX ATC 19)},
  pages     = {571--586},
  year      = {2019}
}

@misc{oauth2spec,
  title        = {The OAuth 2.0 Authorization Framework},
  author       = {D. Hardt},
  howpublished = {Internet Engineering Task Force (IETF) Request for Comments: 6749},
  year         = {2012},
  url          = {https://tools.ietf.org/html/rfc6749},
  note         = {Accessed: 2023-05-15}
}

@book{kernighan1988c,
  author    = {Kernighan, Brian W. and Ritchie, Dennis M.},
  title     = {The C Programming Language},
  edition   = {2nd},
  publisher = {Prentice Hall},
  year      = {1988},
  isbn      = {978-0131103627}
}

@book{stroustrup2013cpp,
  author    = {Stroustrup, Bjarne},
  title     = {The C++ Programming Language},
  edition   = {4th},
  publisher = {Addison-Wesley Professional},
  year      = {2013},
  isbn      = {978-0321563842}
}

@online{rust-lang,
  author       = {The Rust Project Developers},
  title        = {The Rust Programming Language},
  year         = {2023},
  url          = {https://www.rust-lang.org/},
  lastaccessed = {may 15, 2023}
}

@misc{intel-sgx-ra,
  title        = {{Intel SGX Remote Attestation}},
  author       = {{Intel Corporation}},
  howpublished = {\url{https://software.intel.com/content/www/us/en/develop/articles/code-sample-intel-software-guard-extensions-remote-attestation-end-to-end-example.html}},
  year         = {2018},
  note         = {[Online; accessed May 15, 2023]}
}

@rfc{8446,
  author = {E. Rescorla},
  title  = {The Transport Layer Security ({TLS}) Protocol Version 1.3},
  series = {RFC},
  number = {8446},
  year   = {2018},
  doi    = {10.17487/RFC8446},
  url    = {https://www.rfc-editor.org/info/rfc8446}
}

@techreport{rfc8693,
  author      = {J. Bradley and N. Sakimura and T. Lodderstedt},
  title       = {{OAuth 2.0 Token Exchange}},
  institution = {Internet Engineering Task Force},
  type        = {RFC},
  number      = {8693},
  year        = {2019},
  month       = {January},
  url         = {https://tools.ietf.org/html/rfc8693}
}

@inproceedings{gan2019open,
  title     = {An open-source benchmark suite for microservices and their hardware-software implications for cloud \& edge systems},
  author    = {Gan, Yu and Zhang, Yanqi and Cheng, Dailun and Shetty, Ankitha and Rathi, Priyal and Katarki, Nayan and Bruno, Ariana and Hu, Justin and Ritchken, Brian and Jackson, Brendon and others},
  booktitle = {Proceedings of the Twenty-Fourth International Conference on Architectural Support for Programming Languages and Operating Systems},
  pages     = {3--18},
  year      = {2019}
}

@inproceedings{sriraman2018mu,
  title        = {$\mu$ suite: a benchmark suite for microservices},
  author       = {Sriraman, Akshitha and Wenisch, Thomas F},
  booktitle    = {2018 IEEE International Symposium on Workload Characterization (IISWC)},
  pages        = {1--12},
  year         = {2018},
  organization = {IEEE}
}

@article{papazoglou2007service,
  title     = {Service oriented architectures: approaches, technologies and research issues},
  author    = {Papazoglou, Mike P and Van Den Heuvel, Willem-Jan},
  journal   = {The VLDB journal},
  volume    = {16},
  pages     = {389--415},
  year      = {2007},
  publisher = {Springer}
}

@misc{NIST-PaaS,
  author       = {National Institute of Standards and Technology},
  title        = {NIST Definition of Platform as a Service (PaaS), Version 1.0},
  howpublished = {Special Publication 800-146},
  month        = may,
  year         = 2011
}

@article{mell2011nist,
  title     = {The NIST definition of cloud computing},
  author    = {Mell, Peter and Grance, Tim and others},
  year      = {2011},
  publisher = {Computer Security Division, Information Technology Laboratory, National~â€¦}
}

@article{afram2014theory,
  title     = {Theory and applications of HVAC control systems--A review of model predictive control (MPC)},
  author    = {Afram, Abdul and Janabi-Sharifi, Farrokh},
  journal   = {Building and Environment},
  volume    = {72},
  pages     = {343--355},
  year      = {2014},
  publisher = {Elsevier}
}

@inproceedings{gentry2009fully,
  title     = {Fully homomorphic encryption using ideal lattices},
  author    = {Gentry, Craig},
  booktitle = {Proceedings of the forty-first annual ACM symposium on Theory of computing},
  pages     = {169--178},
  year      = {2009}
}

@inproceedings{oleksenko2018varys,
  title     = {Varys: Protecting $\{$SGX$\}$ enclaves from practical side-channel attacks},
  author    = {Oleksenko, Oleksii and Trach, Bohdan and Krahn, Robert and Silberstein, Mark and Fetzer, Christof},
  booktitle = {2018 $\{$Usenix$\}$ Annual Technical Conference ($\{$USENIX$\}$$\{$ATC$\}$ 18)},
  pages     = {227--240},
  year      = {2018}
}

@article{arm2009security,
  title   = {Security technology building a secure system using trustzone technology (white paper)},
  author  = {ARM, Architecure},
  journal = {ARM Limited},
  year    = {2009}
}

@article{kaplan2016amd,
  title   = {AMD memory encryption},
  author  = {Kaplan, David and Powell, Jeremy and Woller, Tom},
  journal = {White paper},
  year    = {2016}
}

@article{engler1995exokernel,
  title     = {Exokernel: An operating system architecture for application-level resource management},
  author    = {Engler, Dawson R and Kaashoek, M Frans and O'Toole Jr, James},
  journal   = {ACM SIGOPS Operating Systems Review},
  volume    = {29},
  number    = {5},
  pages     = {251--266},
  year      = {1995},
  publisher = {ACM New York, NY, USA}
}

@inproceedings{shen2020occlum,
  title     = {Occlum: Secure and efficient multitasking inside a single enclave of intel sgx},
  author    = {Shen, Youren and Tian, Hongliang and Chen, Yu and Chen, Kang and Wang, Runji and Xu, Yi and Xia, Yubin and Yan, Shoumeng},
  booktitle = {Proceedings of the Twenty-Fifth International Conference on Architectural Support for Programming Languages and Operating Systems},
  pages     = {955--970},
  year      = {2020}
}

@incollection{diffie2022new,
  title     = {New directions in cryptography},
  author    = {Diffie, Whitfield and Hellman, Martin E},
  booktitle = {Democratizing Cryptography: The Work of Whitfield Diffie and Martin Hellman},
  pages     = {365--390},
  year      = {2022}
}

@rfc{rfc7519,
  author       = {Jones, M. and Bradley, J. and Sakimura, N.},
  title        = {JSON Web Token (JWT)},
  howpublished = {RFC 7519},
  year         = {2015},
  doi          = {10.17487/RFC7519},
  url          = {https://tools.ietf.org/html/rfc7519}
}

@misc{grpc,
  title        = {gRPC - A high-performance, open-source universal RPC framework},
  year         = {2021},
  howpublished = {\url{https://grpc.io/}},
  note         = {Accessed: 2023-05-15}
}

@misc{Thrift,
  title        = {Apache Thrift},
  howpublished = {\url{https://thrift.apache.org/}},
  note         = {Accessed: 2023-05-12}
}
